@incollection{vismara2008finding,
  title={Finding maximum common connected subgraphs using clique detection or constraint satisfaction algorithms},
  author={Vismara, Philippe and Valery, Beno{\^\i}t},
  booktitle={Modelling, Computation and Optimization in Information Systems and Management Sciences},
  pages={358--368},
  year={2008},
  publisher={Springer}
}

@inproceedings{korf2014you,
  title={How Do You Know Your Search Algorithm and Code Are Correct?},
  author={Korf, Richard Earl},
  booktitle={Seventh Annual Symposium on Combinatorial Search},
  year={2014}
}

@inproceedings{hoffmann2018observations,
  title={Observations from Parallelising Three Maximum Common (Connected) Subgraph Algorithms},
  author={Hoffmann, Ruth and Mccreesh, Ciaran and Ndiaye, Samba Ndojh and Prosser, Patrick and Reilly, Craig and Solnon, Christine and Trimble, James},
  booktitle={International Conference on the Integration of Constraint Programming, Artificial Intelligence, and Operations Research},
  pages={298--315},
  year={2018},
  organization={Springer}
}

@inproceedings{mccreesh2016clique,
  title={Clique and constraint models for maximum common (connected) subgraph problems},
  author={McCreesh, Ciaran and Ndiaye, Samba Ndojh and Prosser, Patrick and Solnon, Christine},
  booktitle={International Conference on Principles and Practice of Constraint Programming},
  pages={350--368},
  year={2016},
  organization={Springer}
}

@article{bai2018convolutional,
  title={Convolutional Neural Networks for Fast Approximation of Graph Edit Distance},
  author={Bai, Yunsheng and Ding, Hao and Sun, Yizhou and Wang, Wei},
  journal={arXiv preprint arXiv:1809.04440},
  year={2018}
}

@article{kipf2016semi,
  title={Semi-supervised classification with graph convolutional networks},
  author={Kipf, Thomas N and Welling, Max},
  journal={arXiv preprint arXiv:1609.02907},
  year={2016}
}

@article{kendall1938new,
  title={A new measure of rank correlation},
  author={Kendall, Maurice G},
  journal={Biometrika},
  volume={30},
  number={1/2},
  pages={81--93},
  year={1938},
  publisher={JSTOR}
}

@article{spearman1904proof,
  title={The proof and measurement of association between two things},
  author={Spearman, Charles},
  journal={The American journal of psychology},
  volume={15},
  number={1},
  pages={72--101},
  year={1904},
  publisher={JSTOR}
}